@misc{repo,
  author       = {Olivia Appleton-Crocker},
  title        = {Extending The Thue-Morse Sequence source code},
  year         = {2024},
  howpublished = {Available at: \url{https://github.com/LivInTheLookingGlass/Thue-Morse},  \url{https://thue.oliviappleton.com}},
  note         = {This repository contains the source code and data for the research presented in this paper.}
}
@InProceedings{Allouche-Shallit_1999,
author="Allouche, Jean-Paul
and Shallit, Jeffrey",
editor="Ding, C.
and Helleseth, T.
and Niederreiter, H.",
title="The Ubiquitous Prouhet-Thue-Morse Sequence",
booktitle="Sequences and their Applications",
year="1999",
publisher="Springer London",
address="London",
pages="1--16",
abstract="We discuss a well-known binary sequence called the Thue-Morse sequence, or the Prouhet-Thue-Morse sequence. This sequence was introduced by Thue in 1906 and rediscovered by Morse in 1921. However, it was already implicit in an 1851 paper of Prouhet. The Prouhet-Thue-Morse sequence appears to be somewhat ubiquitous, and we describe many of its apparently unrelated occurrences.",
isbn="978-1-4471-0551-0"
}
@article{Spiegelhofer_2020, title={The level of distribution of the Thue–Morse sequence}, volume={156}, DOI={10.1112/S0010437X20007563}, number={12}, journal={Compositio Mathematica}, author={Spiegelhofer, Lukas}, year={2020}, pages={2560–2587}}
@article{Kolář-Nori_1991,
  title = {Generalized Thue-Morse chains and their physical properties},
  author = {Kol\'a\ifmmode \check{r}\else \v{r}\fi{}, M. and Ali, M. K. and Nori, Franco},
  journal = {Phys. Rev. B},
  volume = {43},
  issue = {1},
  pages = {1034--1047},
  numpages = {0},
  year = {1991},
  month = {Jan},
  publisher = {American Physical Society},
  doi = {10.1103/PhysRevB.43.1034}
}
@BOOK{Arndt_2010,
  title     = "Matters computational",
  author    = "Arndt, Jorg",
  publisher = "Springer",
  month     =  oct,
  year      =  2010,
  address   = "Berlin, Germany",
  language  = "en",
  isbn      = "978-3-642-14763-7",
  doi       = "10.1007/978-3-642-14764-7"
}
@misc{OEIS-TMS,
  title        = {The On-Line Encyclopedia of Integer Sequences (OEIS)},
  author       = {OEIS Foundation Inc},
  year         = {2024},
  note         = {OEIS Sequence ID: A010060. The \TMS},
  url          = {https://oeis.org/A010060},
  howpublished = {Accessed: 2024-10-24},
}
@misc{OEIS-TMS-inv,
  title        = {The On-Line Encyclopedia of Integer Sequences (OEIS)},
  author       = {OEIS Foundation Inc},
  year         = {2024},
  note         = {OEIS Sequence ID: A010059. The inversion of the \TMS},
  url          = {https://oeis.org/A010059},
  howpublished = {Accessed: 2024-10-24},
}
@misc{OEIS-TMS-inv-plus1,
  title        = {The On-Line Encyclopedia of Integer Sequences (OEIS)},
  author       = {OEIS Foundation Inc},
  year         = {2024},
  note         = {OEIS Sequence ID: A001285. The inversion of the \TMS plus one},
  url          = {https://oeis.org/A001285},
  howpublished = {Accessed: 2024-10-24},
}
@misc{OEIS-TMS-pos-neg,
  title        = {The On-Line Encyclopedia of Integer Sequences (OEIS)},
  author       = {OEIS Foundation Inc},
  year         = {2024},
  note         = {OEIS Sequence ID: A106400. The \TMS, substituting $1 \to -1$ and $0 \to 1$},
  url          = {https://oeis.org/A106400},
  howpublished = {Accessed: 2024-10-24},
}
@misc{OEIS-TMS-negabinary,
  title        = {The On-Line Encyclopedia of Integer Sequences (OEIS)},
  author       = {OEIS Foundation Inc},
  year         = {2024},
  note         = {OEIS Sequence ID: A269027. The \ETMS in base -2},
  url          = {https://oeis.org/A269027},
  howpublished = {Accessed: 2024-10-24},
}
@misc{OEIS-TMS-3-2,
  title        = {The On-Line Encyclopedia of Integer Sequences (OEIS)},
  author       = {OEIS Foundation Inc},
  year         = {2024},
  note         = {OEIS Sequence ID: A357448. The \ETMS in Base 3/2},
  url          = {https://oeis.org/A357448},
  howpublished = {Accessed: 2024-10-24},
}
@misc{OEIS-Odious,
  title        = {The On-Line Encyclopedia of Integer Sequences (OEIS)},
  author       = {OEIS Foundation Inc},
  year         = {2024},
  note         = {OEIS Sequence ID: A000069. The Odious Numbers},
  url          = {https://oeis.org/A000069},
  howpublished = {Accessed: 2024-10-24},
}
@misc{OEIS-Evil,
  title        = {The On-Line Encyclopedia of Integer Sequences (OEIS)},
  author       = {OEIS Foundation Inc},
  year         = {2024},
  note         = {OEIS Sequence ID: A001969. The Evil Numbers},
  url          = {https://oeis.org/A001969},
  howpublished = {Accessed: 2024-10-24},
}
@misc{OEIS-Gould,
  title        = {The On-Line Encyclopedia of Integer Sequences (OEIS)},
  author       = {OEIS Foundation Inc},
  year         = {2024},
  note         = {OEIS Sequence ID: A001316. The Gould Sequence},
  url          = {https://oeis.org/A001316},
  howpublished = {Accessed: 2024-10-24},
}
@misc{OEIS-A193231,
  title        = {The On-Line Encyclopedia of Integer Sequences (OEIS)},
  author       = {OEIS Foundation Inc},
  year         = {2024},
  note         = {OEIS Sequence ID: A193231. Blue code for n},
  url          = {https://oeis.org/A193231},
  howpublished = {Accessed: 2024-10-24},
}
@misc{OEIS-A159481,
  title        = {The On-Line Encyclopedia of Integer Sequences (OEIS)},
  author       = {OEIS Foundation Inc},
  year         = {2024},
  note         = {OEIS Sequence ID: A159481. Number of evil numbers <= n},
  url          = {https://oeis.org/A159481},
  howpublished = {Accessed: 2024-10-24},
}
@article{Astudillo_2003,
  author    = {Ricardo Astudillo},
  title     = {On a Class of Thue-Morse Type Sequences},
  journal   = {Journal of Integer Sequences},
  volume    = {6},
  year      = {2003},
}
@article{Dekking_2023,
  author    = {F. M. Dekking},
  title     = {The Thue-Morse Sequence in Base 3/2},
  journal   = {Journal of Integer Sequences},
  volume    = {26},
  year      = {2023},
}
@misc{Shallit_2022,
      title={Automatic Sequences in Negative Bases and Proofs of Some Conjectures of Shevelev}, 
      author={Jeffrey Shallit and Sonja Linghui Shan and Kai Hsiang Yang},
      year={2022},
      eprint={2208.06025},
      archivePrefix={arXiv},
      primaryClass={cs.FL},
      url={https://arxiv.org/abs/2208.06025}, 
}
@misc{Shevelev_2017,
      title={Two analogs of Thue-Morse sequence}, 
      author={Vladimir Shevelev},
      year={2017},
      eprint={1603.04434},
      archivePrefix={arXiv},
      primaryClass={math.NT},
      url={https://arxiv.org/abs/1603.04434}, 
}
@misc{Starosta_2011,
      title={Generalized Thue-Morse words and palindromic richness}, 
      author={Štěpán Starosta},
      year={2011},
      eprint={1104.2476},
      archivePrefix={arXiv},
      primaryClass={math.CO},
      url={https://arxiv.org/abs/1104.2476}, 
}
@inbook{Parshina_2017,
   title={On Arithmetic Index in the Generalized Thue-Morse Word},
   ISBN={9783319663968},
   ISSN={1611-3349},
   url={http://dx.doi.org/10.1007/978-3-319-66396-8_12},
   DOI={10.1007/978-3-319-66396-8_12},
   booktitle={Combinatorics on Words},
   publisher={Springer International Publishing},
   author={Parshina, Olga G.},
   year={2017},
   pages={121–131}
}
@article{Chen_2019,
   title={On the abelian complexity of generalized Thue-Morse sequences},
   volume={780},
   ISSN={0304-3975},
   url={http://dx.doi.org/10.1016/j.tcs.2019.02.014},
   DOI={10.1016/j.tcs.2019.02.014},
   journal={Theoretical Computer Science},
   publisher={Elsevier BV},
   author={Chen, Jin and Wen, Zhi-Xiong},
   year={2019},
   month=aug, pages={66–73}
}
@misc{Robert_2013,
      title={Generalized Thue-Morse Continued Fractions}, 
      author={Gerardo González Robert},
      year={2013},
      eprint={1302.1900},
      archivePrefix={arXiv},
      primaryClass={math.NT},
      url={https://arxiv.org/abs/1302.1900}, 
}
@article{Bolker_2016,
   title={The Prouhet–Tarry–Escott problem and generalized Thue–Morse sequences},
   volume={7},
   ISSN={2150-959X},
   url={http://dx.doi.org/10.4310/JOC.2016.v7.n1.a5},
   DOI={10.4310/joc.2016.v7.n1.a5},
   number={1},
   journal={Journal of Combinatorics},
   publisher={International Press of Boston},
   author={Bolker, Ethan D. and Offner, Carl and Richman, Robert and Zara, Catalin},
   year={2016},
   pages={117–133}
}
@misc{Cai_2020,
      title={Difference of Cantor sets and frequencies in Thue--Morse type sequences}, 
      author={Yi Cai and Vilmos Komornik},
      year={2020},
      eprint={2006.16119},
      archivePrefix={arXiv},
      primaryClass={math.NT},
      url={https://arxiv.org/abs/2006.16119}, 
}